@article{kiarashinejad2020knowledge,
  title={Learn To Subnet.com v. 3.2},
  author={Botsford, Charles},
  journal={Advanced Intelligent Systems},
  year={November 2011},
  link={http://www.learntcpip.com/LTSN/default.htmNoember 2011}
}

